@inproceedings{MintHint,
 author = {Kaleeswaran, Shalini and Tulsian, Varun and Kanade, Aditya and Orso, Alessandro},
 title = {MintHint: Automated Synthesis of Repair Hints},
 booktitle = {Proceedings of the 36th International Conference on Software Engineering},
 series = {ICSE 2014},
 year = {2014},
 isbn = {978-1-4503-2756-5},
 location = {Hyderabad, India},
 pages = {266--276},
 numpages = {11},
 url = {http://doi.acm.org/10.1145/2568225.2568258},
 doi = {10.1145/2568225.2568258},
 acmid = {2568258},
 publisher = {ACM},
 address = {New York, NY, USA},
 keywords = {Program repair, program synthesis, repair hints, statistical correlations},
}

@inproceedings{InSynth,
  author    = {Tihomir Gvero and
               Viktor Kuncak and
               Ivan Kuraj and
               Ruzica Piskac},
  title     = {Complete completion using types and weights},
  booktitle = {{ACM} {SIGPLAN} Conference on Programming Language Design and Implementation,
               {PLDI} '13, Seattle, WA, USA, June 16-19, 2013},
  year      = {2013},
  pages     = {27--38},
  crossref  = {DBLP:conf/pldi/2013},
  url       = {http://doi.acm.org/10.1145/2462156.2462192},
  doi       = {10.1145/2462156.2462192},
  timestamp = {Wed, 22 Oct 2014 20:58:32 +0200},
  biburl    = {http://dblp.uni-trier.de/rec/bib/conf/pldi/GveroKKP13},
  bibsource = {dblp computer science bibliography, http://dblp.org}
}

@inproceedings{PerelmanGBG12,
  author    = {Daniel Perelman and
               Sumit Gulwani and
               Thomas Ball and
               Dan Grossman},
  title     = {Type-directed completion of partial expressions},
  booktitle = {{ACM} {SIGPLAN} Conference on Programming Language Design and Implementation,
               {PLDI} '12, Beijing, China - June 11 - 16, 2012},
  year      = {2012},
  pages     = {275--286},
  crossref  = {DBLP:conf/pldi/2012},
  url       = {http://doi.acm.org/10.1145/2254064.2254098},
  doi       = {10.1145/2254064.2254098},
  timestamp = {Wed, 22 Oct 2014 22:40:17 +0200},
  biburl    = {http://dblp.uni-trier.de/rec/bib/conf/pldi/PerelmanGBG12},
  bibsource = {dblp computer science bibliography, http://dblp.org}
}

@proceedings{DBLP:conf/pldi/2013,
  editor    = {Hans{-}Juergen Boehm and
               Cormac Flanagan},
  title     = {{ACM} {SIGPLAN} Conference on Programming Language Design and Implementation,
               {PLDI} '13, Seattle, WA, USA, June 16-19, 2013},
  year      = {2013},
  publisher = {{ACM}},
  url       = {http://dl.acm.org/citation.cfm?id=2491956},
  isbn      = {978-1-4503-2014-6},
  timestamp = {Wed, 22 Oct 2014 20:58:32 +0200},
  biburl    = {http://dblp.uni-trier.de/rec/bib/conf/pldi/2013},
  bibsource = {dblp computer science bibliography, http://dblp.org}
}

@proceedings{DBLP:conf/pldi/2012,
  editor    = {Jan Vitek and
               Haibo Lin and
               Frank Tip},
  title     = {{ACM} {SIGPLAN} Conference on Programming Language Design and Implementation,
               {PLDI} '12, Beijing, China - June 11 - 16, 2012},
  year      = {2012},
  publisher = {{ACM}},
  url       = {http://dl.acm.org/citation.cfm?id=2254064},
  isbn      = {978-1-4503-1205-9},
  timestamp = {Wed, 22 Oct 2014 22:40:17 +0200},
  biburl    = {http://dblp.uni-trier.de/rec/bib/conf/pldi/2012},
  bibsource = {dblp computer science bibliography, http://dblp.org}
}
